<record><leader>00000cas a2200000 a 4500</leader><controlfield tag="001">8584509</controlfield><controlfield tag="008">820708c19719999inubr ne      0   a0eng c</controlfield><datafield ind1=" " ind2=" " tag="010"><subfield code="a">sn 88083217 </subfield></datafield><datafield ind1=" " ind2=" " tag="040"><subfield code="a">SMI</subfield><subfield code="b">eng</subfield><subfield code="c">SMI</subfield><subfield code="d">PPM</subfield><subfield code="d">OCL</subfield><subfield code="d">NYS</subfield><subfield code="d">OCLCQ</subfield><subfield code="d">OCLCO</subfield></datafield><datafield ind1="1" ind2=" " tag="029"><subfield code="a">AU@</subfield><subfield code="b">000020494763</subfield></datafield><datafield ind1=" " ind2=" " tag="042"><subfield code="a">pcc</subfield></datafield><datafield ind1=" " ind2=" " tag="043"><subfield code="a">n-us-in</subfield></datafield><datafield ind1=" " ind2="4" tag="050"><subfield code="a">E77</subfield><subfield code="b">.T713</subfield></datafield><datafield ind1="0" ind2="0" tag="245"><subfield code="a">Tosa&#771;n ;</subfield><subfield code="b">American Indian people's inter-tribal news.</subfield></datafield><datafield ind1="3" ind2="0" tag="246"><subfield code="a">Shawandasse</subfield><subfield code="f">fall 1972-</subfield></datafield><datafield ind1=" " ind2=" " tag="260"><subfield code="a">Indianapolis, Ind. :</subfield><subfield code="b">Tecumseh Confederacy,</subfield><subfield code="c">1971-</subfield></datafield><datafield ind1=" " ind2=" " tag="300"><subfield code="a">v. :</subfield><subfield code="b">ill. ;</subfield><subfield code="c">22-41 cm.</subfield></datafield><datafield ind1=" " ind2=" " tag="310"><subfield code="a">Bimonthly,</subfield><subfield code="b">&lt;1978-&gt;</subfield></datafield><datafield ind1=" " ind2=" " tag="321"><subfield code="a">Quarterly,</subfield><subfield code="b">&lt;1971-1978&gt;</subfield></datafield><datafield ind1="0" ind2=" " tag="362"><subfield code="a">Vol. 1, no. 1 (Feb.-Mar., 1971)-</subfield></datafield><datafield ind1=" " ind2=" " tag="500"><subfield code="a">Place of publication varies. Published: Indianapolis, Ind. Winter, 1972-Fall, 1974; Bellbrook, Oh. Spring-Fall, 1974.</subfield></datafield><datafield ind1=" " ind2=" " tag="500"><subfield code="a">Edited by Jerry L. Pope, Winter, 1972-Fall, 1974; Tukemas, Mar., 1975-Sept., 1978.</subfield></datafield><datafield ind1=" " ind2=" " tag="500"><subfield code="a">"Official publication of the Shawnee Nation United Remnant Band."</subfield></datafield><datafield ind1=" " ind2=" " tag="500"><subfield code="a">"The Voice of the Tecumseh Confederacy and the Four Points Inter-Tribal Council via The Shawnee Nation-United Remnant Band."</subfield></datafield><datafield ind1=" " ind2=" " tag="500"><subfield code="a">Masthead ornament: Official Seal of the Shawnee Nation.</subfield></datafield><datafield ind1="4" ind2=" " tag="510"><subfield code="a">Danky, J.P. Native American periodicals and newspapers 1828-1982</subfield><subfield code="c">417-418</subfield></datafield><datafield ind1=" " ind2=" " tag="525"><subfield code="a">Has supplements. Some issues include Calumet, New Phoenix or Choctaw Runner.</subfield></datafield><datafield ind1=" " ind2=" " tag="530"><subfield code="a">Also issued on microfilm by Microfilming Corp. of America (Periodicals by and about the North American Indian).</subfield></datafield><datafield ind1=" " ind2="0" tag="650"><subfield code="a">Indians of North America</subfield><subfield code="v">Newspapers.</subfield></datafield><datafield ind1=" " ind2="0" tag="650"><subfield code="a">Shawnee Indians</subfield><subfield code="v">Newspapers.</subfield></datafield><datafield ind1=" " ind2="0" tag="650"><subfield code="a">Shawnee Nation, United Remnant Band</subfield><subfield code="v">Newspapers.</subfield></datafield><datafield ind1=" " ind2="0" tag="651"><subfield code="a">Bellbrook (Ohio)</subfield><subfield code="v">Newspapers.</subfield></datafield><datafield ind1=" " ind2="0" tag="651"><subfield code="a">Xenia (Ohio)</subfield><subfield code="v">Newspapers.</subfield></datafield><datafield ind1=" " ind2="0" tag="651"><subfield code="a">Greene County (Ohio)</subfield><subfield code="v">Newspapers.</subfield></datafield><datafield ind1=" " ind2="0" tag="651"><subfield code="a">Indianapolis (Ind.)</subfield><subfield code="v">Newspapers.</subfield></datafield><datafield ind1=" " ind2="0" tag="651"><subfield code="a">Marion County (Ind.)</subfield><subfield code="v">Newspapers.</subfield></datafield><datafield ind1=" " ind2="7" tag="655"><subfield code="a">Indian newspapers.</subfield><subfield code="2">ngl</subfield></datafield><datafield ind1="2" ind2=" " tag="710"><subfield code="a">Shawnee Nation, United Remnant Band.</subfield></datafield><datafield ind1="2" ind2=" " tag="710"><subfield code="a">Tecumseh Confederacy.</subfield></datafield><datafield ind1=" " ind2=" " tag="752"><subfield code="a">United States</subfield><subfield code="b">Indiana</subfield><subfield code="c">Marion</subfield><subfield code="d">Indianapolis.</subfield></datafield><datafield ind1=" " ind2=" " tag="752"><subfield code="a">United States</subfield><subfield code="b">Ohio</subfield><subfield code="c">Green</subfield><subfield code="d">Bellbrook.</subfield></datafield><datafield ind1=" " ind2=" " tag="752"><subfield code="a">United States</subfield><subfield code="b">Ohio</subfield><subfield code="c">Green</subfield><subfield code="d">Xenia.</subfield></datafield><datafield ind1="0" ind2=" " tag="776"><subfield code="c">microfilm</subfield><subfield code="d">Microfilming Corp. of America</subfield><subfield code="k">Periodicals by and about the North American Indian</subfield><subfield code="w">(OCoLC)42324795</subfield></datafield></record>